<record><leader>00000cas a2200000 a 4500</leader><controlfield tag="001">10722295</controlfield><controlfield tag="008">840512c19779999azuwr ne      0   a0eng d</controlfield><datafield ind1=" " ind2=" " tag="010"><subfield code="a">sn 95060597 </subfield></datafield><datafield ind1=" " ind2=" " tag="040"><subfield code="a">ATM</subfield><subfield code="b">eng</subfield><subfield code="c">ATM</subfield><subfield code="d">ANN</subfield><subfield code="d">OCLCQ</subfield><subfield code="d">OCLCF</subfield><subfield code="d">OCLCO</subfield></datafield><datafield ind1="1" ind2=" " tag="029"><subfield code="a">AU@</subfield><subfield code="b">000012081674</subfield></datafield><datafield ind1=" " ind2=" " tag="037"><subfield code="b">The White Mountain Independent, Box 639, St. Johns, AZ 85936 or Box 678, Show Low, AZ 85901.</subfield></datafield><datafield ind1=" " ind2=" " tag="042"><subfield code="a">msc</subfield></datafield><datafield ind1=" " ind2=" " tag="043"><subfield code="a">n-us-az</subfield></datafield><datafield ind1=" " ind2=" " tag="092"><subfield code="a">071</subfield><subfield code="b">W586</subfield></datafield><datafield ind1="0" ind2=" " tag="130"><subfield code="a">White Mountain independent (Show Low, Ariz. : Navajo County ed.)</subfield></datafield><datafield ind1="1" ind2="0" tag="245"><subfield code="a">White Mountain independent.</subfield></datafield><datafield ind1=" " ind2=" " tag="250"><subfield code="a">Navajo County ed.</subfield></datafield><datafield ind1=" " ind2=" " tag="260"><subfield code="a">Show Low, Ariz. :</subfield><subfield code="b">V.H. Dittmar,</subfield><subfield code="c">1977-</subfield></datafield><datafield ind1=" " ind2=" " tag="300"><subfield code="a">v. :</subfield><subfield code="b">ill. ;</subfield><subfield code="c">58 cm.</subfield></datafield><datafield ind1=" " ind2=" " tag="310"><subfield code="a">Weekly</subfield></datafield><datafield ind1="0" ind2=" " tag="362"><subfield code="a">Vol. 21, no. 4 (Jan. 20, 1977)-</subfield></datafield><datafield ind1=" " ind2=" " tag="515"><subfield code="a">Issues numbered alternately with: White Mountain independent (Show Low, Ariz.).</subfield></datafield><datafield ind1=" " ind2="0" tag="651"><subfield code="a">Show Low (Ariz.)</subfield><subfield code="v">Newspapers.</subfield></datafield><datafield ind1=" " ind2="0" tag="651"><subfield code="a">Navajo County (Ariz.)</subfield><subfield code="v">Newspapers.</subfield></datafield><datafield ind1=" " ind2="7" tag="655"><subfield code="a">Newspapers.</subfield><subfield code="2">fast</subfield><subfield code="0">(OCoLC)fst01423814</subfield></datafield><datafield ind1=" " ind2="7" tag="651"><subfield code="a">Arizona</subfield><subfield code="z">Navajo County.</subfield><subfield code="2">fast</subfield><subfield code="0">(OCoLC)fst01217273</subfield></datafield><datafield ind1=" " ind2="7" tag="651"><subfield code="a">Arizona</subfield><subfield code="z">Show Low.</subfield><subfield code="2">fast</subfield><subfield code="0">(OCoLC)fst01216802</subfield></datafield><datafield ind1=" " ind2=" " tag="752"><subfield code="a">United States</subfield><subfield code="b">Arizona</subfield><subfield code="c">Navajo</subfield><subfield code="d">Show Low.</subfield></datafield><datafield ind1="0" ind2=" " tag="770"><subfield code="t">Navapache</subfield><subfield code="w">(DLC)sn2001060062</subfield></datafield><datafield ind1="0" ind2=" " tag="770"><subfield code="t">Navapache independent</subfield><subfield code="w">(DLC)sn2001060063</subfield></datafield><datafield ind1="0" ind2=" " tag="775"><subfield code="t">White Mountain independent (Show Low, Ariz.)</subfield><subfield code="w">(DLC)sn 95060599</subfield></datafield><datafield ind1="0" ind2=" " tag="775"><subfield code="t">White Mountain independent (Show Low, Ariz. : Southern Navajo County ed.)</subfield><subfield code="w">(DLC)sn 95060600</subfield></datafield><datafield ind1="0" ind2=" " tag="775"><subfield code="t">White Mountain independent (Show Low, Ariz. : Central Navajo County ed.)</subfield><subfield code="w">(DLC)sn 95060602</subfield></datafield><datafield ind1="0" ind2=" " tag="775"><subfield code="t">White Mountain independent (St. Johns, Ariz. : Apache County ed.)</subfield><subfield code="w">(DLC)sn 95060596</subfield></datafield><datafield ind1="0" ind2="0" tag="780"><subfield code="t">White Mountain independent and continuing the Apache County independent-news - White Mountain roundup - White Mountain eagle (Show Low, Ariz. : Navajo County ed.)</subfield><subfield code="w">(DLC)sn 95060595</subfield></datafield><datafield ind1="0" ind2="5" tag="780"><subfield code="t">Pinetop-Lakeside news</subfield><subfield code="w">(DLC)sn 87091104</subfield></datafield></record>